%% File containing references.

@misc{ft-space-avionics,
    author = {Daniel P. Siewiorek and Priya Narasimhan},
    title = {Fault-tolerant architectures for space and avionics applications},
    institution = {Carnegie Mellon University, Pittsburgh},
}

%% Example reference
%% TODO: To be deleted
@misc{tdf-wikipedia,
	Author = {Wikipedia},
	Date-Added = {2012-10-09 15:31:00 +0000},
	Date-Modified = {2012-10-09 15:31:16 +0000},
	Howpublished = {\url{http://en.wikipedia.org/wiki/Tf%E2%80%93idf}},
	Title = {tdf-idf}}
	

@book{programming-collective-intelligence,
	Author = {Toby Segaran},
	Date-Added = {2012-10-06 22:05:11 +0000},
	Date-Modified = {2012-10-06 22:06:22 +0000},
	Publisher = {O'Reilly},
	Title = {Programming Collective Intelligence},
	Year = {2007}}
	
@Article{ID,
  author = 	 {Author},
  title = 	 {Title},
  journal = 	 {Journal},
  year = 	 {Year},
  OPTkey = 	 {},
  OPTvolume = 	 {},
  OPTnumber = 	 {},
  OPTpages = 	 {},
  OPTmonth = 	 {},
  OPTnote = 	 {},
  OPTannote = 	 {}
}

